@article{anscombe1973graphs,
  title={Graphs in statistical analysis},
  author={Anscombe, Francis J},
  journal={The american statistician},
  volume={27},
  number={1},
  pages={17--21},
  year={1973},
  publisher={Taylor \& Francis}
}

@article{groenwold2021adjust,
  title={To adjust or not to adjust? When a “confounder” is only measured after exposure},
  author={Groenwold, Rolf HH and Palmer, Tom M and Tilling, Kate},
  journal={Epidemiology (Cambridge, Mass.)},
  volume={32},
  number={2},
  pages={194},
  year={2021},
  publisher={Wolters Kluwer Health}
}

@misc{rosenbaumconstructing,
  title={Constructing matched sets and strata. Observational studies.},
  author={Rosenbaum, PR},
  year = {2002},
  publisher={New York, Springer-Verlag}
}

@article{rubin2009should,
  title={Should observational studies be designed to allow lack of balance in covariate distributions across treatment groups?},
  author={Rubin, Donald B},
  journal={Statistics in Medicine},
  volume={28},
  number={9},
  pages={1420--1423},
  year={2009},
  publisher={Wiley Online Library}
}

@article{rubin1996matching,
  title={Matching using estimated propensity scores: relating theory to practice},
  author={Rubin, Donald B and Thomas, Neal},
  journal={Biometrics},
  pages={249--264},
  year={1996},
  publisher={JSTOR}
}

@article{rubin2008objective,
  title={For objective causal inference, design trumps analysis},
  author={Rubin, Donald B},
  year={2008}
}

@article{ding2015adjust,
  title={To adjust or not to adjust? Sensitivity analysis of M-bias and butterfly-bias},
  author={Ding, Peng and Miratrix, Luke W},
  journal={Journal of Causal Inference},
  volume={3},
  number={1},
  pages={41--57},
  year={2015},
  publisher={De Gruyter}
}

@misc{gelman2011causality,
  title={Causality and statistical learning},
  author={Gelman, Andrew},
  year={2011},
  publisher={University of Chicago Press Chicago, IL}
}

@article{rubin2009should,
  title={Should observational studies be designed to allow lack of balance in covariate distributions across treatment groups?},
  author={Rubin, Donald B},
  journal={Statistics in Medicine},
  volume={28},
  number={9},
  pages={1420--1423},
  year={2009},
  publisher={Wiley Online Library}
}

@article{liu2012implications,
  title={Implications of M bias in epidemiologic studies: a simulation study},
  author={Liu, Wei and Brookhart, M Alan and Schneeweiss, Sebastian and Mi, Xiaojuan and Setoguchi, Soko},
  journal={American journal of epidemiology},
  volume={176},
  number={10},
  pages={938--948},
  year={2012},
  publisher={Oxford University Press}
}
@book{pearl2000causality,
  title={Causality: Models, Reasoning, and Inference},
  author={Pearl, Judea},
  year={2000},
  publisher={Cambridge University Press}
}

@Manual{quartet,
    title = {quartet: Datasets to help teach statistics},
    author = {Lucy {D'Agostino McGowan}},
    year = {2023},
    note = {https://github.com/lucymcgowan/quartet,
https://lucymcgowan.github.io/quartet/},
  }

